@article{ousterhoutmaking,
  title={Making Sense of Performance in Data Analytics Frameworks},
    author={Ousterhout, Kay and Rasti, Ryan and Ratnasamy, Sylvia and Shenker, Scott and Chun, Byung-Gon and ICSI, VMware}
}

@inproceedings{cohen2011computational,
  title={Computational Journalism: A Call to Arms to Database Researchers.},
    author={Cohen, Sarah and Li, Chengkai and Yang, Jun and Yu, Cong},
      booktitle={CIDR},
        volume={2011},
          pages={148--151},
            year={2011}
}

@book{mckinney2012python,
  title={Python for data analysis: Data wrangling with Pandas, NumPy, and IPython},
    author={McKinney, Wes},
      year={2012},
        publisher={" O'Reilly Media, Inc."}
}
